<?xml version="1.0" encoding="UTF-8"?>
<record xmlns="http://www.loc.gov/MARC21/slim">
   <leader>01420cas a22004337a 4500</leader>
   <controlfield tag="001">000009316590</controlfield>
   <controlfield tag="003">CaOOAMICUS</controlfield>
   <controlfield tag="005">20110809142742.0</controlfield>
   <controlfield tag="008">900116d19861992abcqr4p      s0   a0eng  </controlfield>
   <datafield tag="010" ind1=" " ind2=" ">
      <subfield code="a">cn 90081233 </subfield>
   </datafield>
   <datafield tag="016" ind1=" " ind2=" ">
      <subfield code="a"> 900812338  </subfield>
   </datafield>
   <datafield tag="022" ind1="0" ind2=" ">
      <subfield code="a">0846-7528</subfield>
   </datafield>
   <datafield tag="035" ind1=" " ind2=" ">
      <subfield code="a">(OCoLC)ocm21417268 </subfield>
   </datafield>
   <datafield tag="035" ind1=" " ind2=" ">
      <subfield code="a">(OCoLC)ocm21417268 </subfield>
   </datafield>
   <datafield tag="035" ind1=" " ind2=" ">
      <subfield code="a">(OCoLC)ocm21417268 </subfield>
   </datafield>
   <datafield tag="035" ind1=" " ind2=" ">
      <subfield code="a">(OCoLC)ocm21417268 </subfield>
   </datafield>
   <datafield tag="040" ind1=" " ind2=" ">
      <subfield code="a">CaOONL</subfield>
      <subfield code="b">eng</subfield>
      <subfield code="c">CaOONL</subfield>
      <subfield code="d">CaOONL</subfield>
   </datafield>
   <datafield tag="042" ind1=" " ind2=" ">
      <subfield code="a">nlc</subfield>
      <subfield code="a">isds/c</subfield>
   </datafield>
   <datafield tag="043" ind1=" " ind2=" ">
      <subfield code="a">n-cn-ab</subfield>
   </datafield>
   <datafield tag="082" ind1="0" ind2=" ">
      <subfield code="a">354.71230086/3</subfield>
      <subfield code="2">20</subfield>
   </datafield>
   <datafield tag="110" ind1="1" ind2=" ">
      <subfield code="a">Alberta.</subfield>
      <subfield code="b">Alberta Recreation and Parks.</subfield>
   </datafield>
   <datafield tag="210" ind1="0" ind2=" ">
      <subfield code="a">RAP. Alta. Recreat. Parks</subfield>
   </datafield>
   <datafield tag="222" ind1=" " ind2="0">
      <subfield code="a">RAP. Alberta Recreation and Parks</subfield>
   </datafield>
   <datafield tag="240" ind1="0" ind2="0">
      <subfield code="a">Rap :</subfield>
      <subfield code="b">a newsletter for employees of Alberta Recreation and Parks.</subfield>
   </datafield>
   <datafield tag="245" ind1="1" ind2="0">
      <subfield code="a">Rap : a newsletter for employees of Alberta Recreation and Parks 1986</subfield>
      <subfield code="b">a newsletter for employees of Alberta Recreation and Parks.</subfield>
   </datafield>
   <datafield tag="246" ind1="2" ind2=" ">
      <subfield code="a">Alberta Recreation and Parks</subfield>
   </datafield>
   <datafield tag="260" ind1=" " ind2=" ">
      <subfield code="a">[Edmonton] :</subfield>
      <subfield code="b">Alberta Recreation and Parks,</subfield>
      <subfield code="c">[1986?-1992?]</subfield>
   </datafield>
   <datafield tag="300" ind1=" " ind2=" ">
      <subfield code="a">v. :</subfield>
      <subfield code="b">ill. ;</subfield>
      <subfield code="c">28 cm.</subfield>
   </datafield>
   <datafield tag="310" ind1=" " ind2=" ">
      <subfield code="a">Quarterly</subfield>
   </datafield>
   <datafield tag="362" ind1="1" ind2=" ">
      <subfield code="a">Began with 1986 issue?; ceased with Mar. 1992 issue?</subfield>
   </datafield>
   <datafield tag="500" ind1=" " ind2=" ">
      <subfield code="a">Title from caption.</subfield>
   </datafield>
   <datafield tag="500" ind1=" " ind2=" ">
      <subfield code="a">Description based on: Issue #12 (Dec. 1989).</subfield>
   </datafield>
   <datafield tag="852" ind1=" " ind2=" ">
      <subfield code="9">1</subfield>
      <subfield code="a">CaOONL</subfield>
      <subfield code="z">ILL: no</subfield>
   </datafield>
   <datafield tag="866" ind1=" " ind2="0">
      <subfield code="9">1</subfield>
      <subfield code="a">[1989]</subfield>
   </datafield>
   <datafield tag="910" ind1="1" ind2=" ">
      <subfield code="a">Alberta.</subfield>
      <subfield code="b">Dept. of Recreation and Parks.</subfield>
   </datafield>
   <datafield tag="910" ind1="1" ind2=" ">
      <subfield code="a">Alberta.</subfield>
      <subfield code="b">Ministry of Recreation and Parks.</subfield>
   </datafield>
   <datafield tag="910" ind1="1" ind2=" ">
      <subfield code="a">Alberta.</subfield>
      <subfield code="b">Recreation and Parks.</subfield>
   </datafield>
   <datafield tag="990" ind1="1" ind2="0">
      <subfield code="a">91001ab</subfield>
      <subfield code="b">11001ab</subfield>
   </datafield>
   <datafield tag="990" ind1="1" ind2="0">
      <subfield code="a">91002ab</subfield>
      <subfield code="b">11001ab</subfield>
   </datafield>
   <datafield tag="990" ind1="1" ind2="0">
      <subfield code="a">91003ab</subfield>
      <subfield code="b">11001ab</subfield>
   </datafield>
</record>
